<collection xmlns="http://www.loc.gov/MARC21/slim">
<record>
  <leader>01194nam0a22002291i 450 </leader>
  <controlfield tag="001">IT\ICCU\CNCE\040441</controlfield>
  <controlfield tag="005">20040723000000.0</controlfield>
  <datafield tag="012" ind1=" " ind2=" ">
    <subfield code="a">dees 3130 o-ra DiDe (3) 1580 (R)</subfield>
    <subfield code="2">fei</subfield>
  </datafield>
  <datafield tag="100" ind1=" " ind2=" ">
    <subfield code="a">19981118d1580        0itac0103    ba</subfield>
  </datafield>
  <datafield tag="101" ind1=" " ind2=" ">
    <subfield code="a">LAT</subfield>
  </datafield>
  <datafield tag="102" ind1=" " ind2=" ">
    <subfield code="a">IT</subfield>
  </datafield>
  <datafield tag="200" ind1="1" ind2=" ">
    <subfield code="a">Breuiarium Romanum. Ex decreto sacrosancti Concilij Tridentini restitutum, Pii V pont. max. iussu editum</subfield>
  </datafield>
  <datafield tag="210" ind1=" " ind2=" ">
    <subfield code="a">Venetiis</subfield>
    <subfield code="c">apud Franciscum</subfield>
    <subfield code="d">Gasparem Bindonum</subfield>
    <subfield code="d">&amp; fratres</subfield>
    <subfield code="d">1580</subfield>
    <subfield code="e">Venetiis</subfield>
    <subfield code="g">apud Franciscum</subfield>
    <subfield code="h">&amp; Gasparem Bindonum</subfield>
    <subfield code="h">1579</subfield>
  </datafield>
  <datafield tag="215" ind1=" " ind2=" ">
    <subfield code="a">\24!, 559, \1! c.</subfield>
    <subfield code="c">ill.</subfield>
    <subfield code="d">8ʻ</subfield>
  </datafield>
  <datafield tag="500" ind1="1" ind2="0">
    <subfield code="3">IT\ICCU\CNCE\037193</subfield>
    <subfield code="a">Breviarium</subfield>
  </datafield>
  <datafield tag="620" ind1=" " ind2=" ">
    <subfield code="a">IT</subfield>
    <subfield code="d">Venezia</subfield>
  </datafield>
  <datafield tag="710" ind1="0" ind2="2">
    <subfield code="a">Chiesa cattolica</subfield>
    <subfield code="3">6731</subfield>
  </datafield>
  <datafield tag="712" ind1="0" ind2="0">
    <subfield code="a">Bindoni, Francesco &lt;2.&gt; &amp; Bindoni, Gaspare &lt;1.&gt; &amp; fratelli</subfield>
    <subfield code="3">IT\ICCU\CNCT\000852</subfield>
    <subfield code="4">650</subfield>
  </datafield>
  <datafield tag="791" ind1="0" ind2="0">
    <subfield code="a">Bindoni, Gaspare &lt;1.&gt; &amp; fratelli</subfield>
    <subfield code="3">IT\ICCU\CNCT\000853</subfield>
    <subfield code="z">Bindoni, Francesco &lt;2.&gt; &amp; Bindoni, Gaspare &lt;1.&gt; &amp; fratelli</subfield>
  </datafield>
  <datafield tag="801" ind1=" " ind2="3">
    <subfield code="a">IT</subfield>
    <subfield code="b">ICCU</subfield>
    <subfield code="c">20201114</subfield>
  </datafield>
  <datafield tag="899" ind1=" " ind2=" ">
    <subfield code="a">Biblioteca nazionale centrale. Roma</subfield>
    <subfield code="1">RM0267</subfield>
    <subfield code="2">BVE CR</subfield>
  </datafield>
  <datafield tag="921" ind1=" " ind2=" ">
    <subfield code="a">IT\ICCU\CNCM\001339</subfield>
    <subfield code="b">Compasso, tenuto da mano uscente da nuvola, che traccia un cerchio. In cornice figurata</subfield>
    <subfield code="e">Labore et constantia</subfield>
    <subfield code="c">U296</subfield>
    <subfield code="d">Dimensioni: 2,3 x 2,8</subfield>
    <subfield code="f">COMPASSO</subfield>
    <subfield code="f">LABOREETCO</subfield>
    <subfield code="f">MANO</subfield>
    <subfield code="g">1576-1580</subfield>
  </datafield>
</record>
</collection>
